@book{funkanal,
author = "Sándor, Kovács",
title = "Funkcionálanalízis feladatokban",
year = "2013",
publisher = "TODO",
ISBN = " 9789632844459"
}
@book{faktorter,
author = "Rudolf Scharlau",
title = "TODO",
year = "2006 (?)TODO",
publisher = "TODO",
ISBN = "TODO"
}
@book{FcNotex,
author = "TODO",
title = "Notex on Fredholm (and compact) operators",
year = "2009",
publisher = "TODO",
ISBN = "TODO"
}
@book{diffun2,
author = "Camilla Frantzen",
title = "Diffun2, Fredholm Operators (?)TODO",
year = "2012",
publisher = "TODO",
ISBN = "TODO"
}
@book{lectures16and17,
author = "TODO",
title = "TODO lectures16and17",
year = "TODO",
publisher = "TODO",
ISBN = "TODO"
}
@book{IFaLS,
author = "TODO",
title = "TODO Implicit Functions and Lyapnov-Schmidt",
year = "TODO",
publisher = "TODO",
ISBN = "TODO"
}
@book{chapter2chapter10,
author = "TODO",
title = "TODO Chapter II / Chapter X",
year = "TODO",
publisher = "TODO",
ISBN = "TODO"
}
@book{8.6TLSM,
author = "TODO",
title = "TODO 8.6 The Liapunov-Schmidt Method",
year = "TODO",
publisher = "TODO",
ISBN = "TODO"
}
@book{CSiAM,
author = "TODO",
title = "Cambridge Studies in Advanced Mathemathics",
year = "1995",
publisher = "TODO",
ISBN = "TODO"
}
@article{RodriguezAbernathy,
author = {Rodríguez, Jesús and Kobylus Abernathy, Kristen},
title = {On the solvability of nonlinear boundary value problems},
booktitle = {Differential Equations and Applications},
year = {2010},
month = {01},
volume = {2},
pages = {487-499},
}
@article{LSNum,
author = {Damian Trif},
title = {The {Lyapunov}-{Schmidt} method for two-point boundary value problems},
booktitle = {Fixed Point Theory},
year = {2005},
volume = {6},
pages = {119-132},
}
@article{ChebysevTau,
author = {Mattias Liefvendahl},
title = {A {Chebyshev} {Tau} Spectral Method for the Calculation of Eigenvalues and Pseudospectra},
}
@article{LISC,
author = {Damian Trif},
title = {LISC - A Matlab package for linear differential problems},
booktitle = {Romai Journal},
year = {2006},
volume = {2},
pages = {203-208},
}
@article{multipoint,
author = {Jesús Rodriguez, Padraic Taylor},
title = {Multipoint boundary value problems for nonlinear ordinary differential equations},
booktitle = {Buletinul Academiei de Ştiinţe a Republicii Moldova. Matematica},
year = {2007},
volume = {68},
pages = {3465-3474},
}
@article{LiScNLE,
author = {Titus Petrila, Damian Trif},
title = {LiScNLE – a {Matlab} package for some nonlinear partial differential evolution equations},
booktitle = {Buletinul Academiei de Ştiinţe a Republicii Moldova. Matematica},
year = {2006},
volume = {2},
pages = {23-34},
}